<record xmlns="http://www.loc.gov/MARC21/slim" xmlns:xsi="http://www.w3.org/2001/XMLSchema-instance" xsi:schemaLocation="http://www.loc.gov/MARC21/slim http://www.loc.gov/standards/marcxml/schema/MARC21slim.xsd"><leader>01413cz   2200385n  4500</leader><controlfield tag="001">oca00247995 </controlfield><controlfield tag="005">20000814094151.0</controlfield><controlfield tag="008">790301n| acannaabn          |a aaa      </controlfield><datafield ind1=" " ind2=" " tag="010"><subfield code="a">n  79014062 </subfield></datafield><datafield ind1=" " ind2=" " tag="040"><subfield code="a">DLC</subfield><subfield code="b">eng</subfield><subfield code="c">DLC</subfield><subfield code="d">DLC</subfield><subfield code="d">OCoLC</subfield><subfield code="d">DLC</subfield></datafield><datafield ind1="0" ind2=" " tag="100"><subfield code="a">Virgil</subfield></datafield><datafield ind1="1" ind2=" " tag="400"><subfield code="a">Virgilio Marone, P.</subfield></datafield><datafield ind1="1" ind2=" " tag="400"><subfield code="a">Vergilius Maro, Publius</subfield><subfield code="w">nna</subfield></datafield><datafield ind1="0" ind2=" " tag="400"><subfield code="a">VergiliÌ&#x84;iÌ&#x86;</subfield></datafield><datafield ind1="0" ind2=" " tag="400"><subfield code="a">Virgile</subfield></datafield><datafield ind1="0" ind2=" " tag="400"><subfield code="a">VergiÌ&#x81;lio</subfield></datafield><datafield ind1="0" ind2=" " tag="400"><subfield code="a">Wergiliusz</subfield></datafield><datafield ind1="1" ind2=" " tag="400"><subfield code="a">VergiliÌ&#x84;iÌ&#x86; Maron, P.</subfield><subfield code="q">(PubliÌ&#x84;iÌ&#x86;)</subfield></datafield><datafield ind1="1" ind2=" " tag="400"><subfield code="a">VergiliÌ&#x84;iÌ&#x86; Maron, PubliÌ&#x84;iÌ&#x86;</subfield></datafield><datafield ind1="1" ind2=" " tag="400"><subfield code="a">VerhiliiÌ&#x86; Maron, P.</subfield></datafield><datafield ind1="0" ind2=" " tag="400"><subfield code="a">Vergil</subfield></datafield><datafield ind1="0" ind2=" " tag="400"><subfield code="a">Virgilio</subfield></datafield><datafield ind1="0" ind2=" " tag="400"><subfield code="a">VirgiliÌ&#x84;iÌ&#x86;</subfield></datafield><datafield ind1="1" ind2=" " tag="400"><subfield code="a">Virgilius Maro, P.</subfield></datafield><datafield ind1="1" ind2=" " tag="400"><subfield code="a">Virgilius Maro, Publius</subfield></datafield><datafield ind1="1" ind2=" " tag="400"><subfield code="a">Virgil Maro, P.</subfield></datafield><datafield ind1=" " ind2=" " tag="670"><subfield code="a">His P. Vergilii Maronis Opera, 1945.</subfield></datafield><datafield ind1=" " ind2=" " tag="670"><subfield code="a">His Eneide, 1980:</subfield><subfield code="b">t.p. (P. Virgilio Marone)</subfield></datafield><datafield ind1=" " ind2=" " tag="670"><subfield code="a">Schmid, W. Vergil-Probleme, 1983.</subfield></datafield><datafield ind1=" " ind2=" " tag="670"><subfield code="a">Simposi d'Estudis ClaÌ&#x80;ssics (6th : 1981 : Universitat AutoÌ&#x80;noma de Barcelona?). Studia Virgiliana, 1985:</subfield><subfield code="b">p. 9 (Virgilio)</subfield></datafield><datafield ind1=" " ind2=" " tag="670"><subfield code="a">NaguevskiÌ&#x84;iÌ&#x86;, D. I. VirgiliÌ&#x84;iÌ&#x86; i ego EÌ&#x87;klogi, 1895- :</subfield><subfield code="b">v. 1.</subfield></datafield><datafield ind1=" " ind2=" " tag="670"><subfield code="a">Virgil, 1990:</subfield><subfield code="b">pub. info. (Virgil, 70-19 B.C.)</subfield></datafield><datafield ind1=" " ind2=" " tag="670"><subfield code="a">His P. Virgilii Maronis Opera, 1796.</subfield></datafield><datafield ind1=" " ind2=" " tag="670"><subfield code="a">His 1-iï¸&#160;aï¸¡ piï¸&#160;eï¸¡snÊ¹ EÌ&#x87;neidy, 1878:</subfield><subfield code="b">t.p. (PubliÌ&#x84;iï¸&#160;aï¸¡ VergiliÌ&#x84;iï¸&#160;aï¸¡ Marona)</subfield></datafield><datafield ind1=" " ind2=" " tag="670"><subfield code="a">The pastoral songs of P. Virgil Maro, 1799.</subfield></datafield></record>